%% This BibTeX bibliography file was created using BibDesk.
%% https://bibdesk.sourceforge.io/

%% Created for Frederick Solt at 2022-06-17 13:58:41 +0200 


%% Saved with string encoding Unicode (UTF-8) 



@article{Pollitt2011,
  author = {Pollitt, Christopher},
  title = {Not odious but onerous: Comparative public administration},
  journal = {Public Administration},
  volume = {89},
  number = {1},
  pages = {114--127},
  year = {2011},
  publisher = {Wiley Online Library}}

@article{Dahl1947,
  author={Dahl, Robert A},
  title={The Science of Public Administration: Three Problems},
  journal={Public Administration Review},
  volume={7},
  number={1},
  pages={1--11},
  year={1947},
  publisher={JSTOR}}

@article{Choi2018,
  title={Bureaucratic characteristics and citizen trust in civil service in OECD member nations},
  author={Choi, SeoYoun},
  journal={International Area Studies Review},
  volume={21},
  number={2},
  pages={114--133},
  year={2018},
  publisher={SAGE Publications Sage UK: London, England}}

@article{Houston2016,
  title={Citizen trust in civil servants: A cross-national examination},
  author={Houston, David J and Aitalieva, Nurgul R and Morelock, Andrew L and Shults, Chris A},
  journal={International Journal of Public Administration},
  volume={39},
  number={14},
  pages={1203--1214},
  year={2016},
  publisher={Taylor \& Francis}}

@article{grimmelikhuijsen2017,
  title={Behavioral public administration: Combining insights from public administration and psychology},
  author={Grimmelikhuijsen, Stephan and Jilke, Sebastian and Olsen, Asmus Leth and Tummers, Lars},
  journal={Public Administration Review},
  volume={77},
  number={1},
  pages={45--56},
  year={2017},
  publisher={Wiley Online Library}}

@article{rogowski2020administrative,
  title={The Administrative presidency and public trust in bureaucracy},
  author={Rogowski, Jon C and others},
  journal={Journal of Political Institutions and Political Economy},
  volume={1},
  number={1},
  pages={27--51},
  year={2020},
  publisher={Now Publishers, Inc.}
}

@article{Toshkov2021,
  title={Government capacity, societal trust or party preferences: what accounts for the variety of national policy responses to the COVID-19 pandemic in Europe?},
  author={Toshkov, Dimiter and Carroll, Brendan and Yesilkagit, Kutsal},
  journal={Journal of European Public Policy},
  pages={1--20},
  year={2021},
  publisher={Taylor \& Francis}
}

@article{Goldstein2021,
  title={Who do you trust? The consequences of partisanship and trust for public responsiveness to COVID-19 orders},
  author={Goldstein, Daniel AN and Wiedemann, Johannes},
  journal={Perspectives on Politics},
  pages={1--27},
  year={2021},
  publisher={Cambridge University Press}
}

@article{Rogowski2021,
  title={How political contestation over judicial nominations polarizes Americansâ€™ attitudes toward the Supreme court},
  author={Rogowski, Jon C and Stone, Andrew R},
  journal={British Journal of Political Science},
  volume={51},
  number={3},
  pages={1251--1269},
  year={2021},
  publisher={Cambridge University Press}
}

@article{Chanley2000,
  title={The origins and consequences of public trust in government: A time series analysis},
  author={Chanley, Virginia A and Rudolph, Thomas J and Rahn, Wendy M},
  journal={Public opinion quarterly},
  volume={64},
  number={3},
  pages={239--256},
  year={2000},
  publisher={Oxford University Press}
}

@article{Easton1975,
  title={A re-assessment of the concept of political support},
  author={Easton, David},
  journal={British journal of political science},
  volume={5},
  number={4},
  pages={435--457},
  year={1975},
  publisher={Cambridge University Press}
}

@article{Jilke2015,
  title={We need to compare, but how? Measurement equivalence in comparative public administration},
  author={Jilke, Sebastian and Meuleman, Bart and Van de Walle, Steven},
  journal={Public Administration Review},
  volume={75},
  number={1},
  pages={36--48},
  year={2015},
  publisher={Wiley Online Library}
}

@article{Van2022,
  title={Institutional quality, corruption, and impartiality: The role of process and outcome for citizen trust in public administration in 173 European regions},
  author={Van de Walle, Steven and Migchelbrink, Koen},
  journal={Journal of Economic Policy Reform},
  volume={25},
  number={1},
  pages={9--27},
  year={2022},
  publisher={Taylor \& Francis}
}

@article{Morelock2021,
  title={In Bureaucrats We Trust? Good Governance and Trust in Civil Servants},
  author={Morelock, Andrew L},
  journal={Public Administration Quarterly},
  volume={45},
  number={3},
  pages={315--337},
  year={2021},
  publisher={Southern Public Administration Education Foundation}
}

@article{Van2011,
  title={Outcomes, process, and trust of civil servants},
  author={Van Ryzin, Gregg G},
  journal={Journal of Public Administration Research and Theory},
  volume={21},
  number={4},
  pages={745--760},
  year={2011},
  publisher={Oxford University Press}
}

@incollection{tyler2021people,
  title={Why people obey the law},
  author={Tyler, Tom R},
  booktitle={Why People Obey the Law},
  year={2021},
  publisher={Princeton university press}
}

@article{Bouckaert2012,
  title={Trust and public administration},
  author={Bouckaert, Geert},
  journal={Administration},
  volume={60},
  number={1},
  pages={91--115},
  year={2012},
  publisher={Institute of Public Administration, Ireland}
}

@article{McGann2019,
	abstract = {We usually think of democratic accountability in national terms -- if the people do not approve of a government, they can replace it. However, in a plurinational democracy it is not obvious that such a single national public exists. We consider this problem in the case of Scotland, providing the first application of the macro-polity approach to a plurinational democracy. We provide a systematic study of how public opinion in Scotland changes over time compared to that in the rest of Great Britain, using recently developed Bayesian IRT scaling techniques, and ask whether Scottish and British public opinion move in parallel. To the extent that there is a separate Scottish public opinion with a separate party system, this forces us to rethink the way that democracy and accountability work in plurinational political systems.},
	author = {McGann, Anthony and Dellepiane-Avellaneda, Sabastian and Bartle, John},
	date-added = {2020-12-15 16:07:20 -0600},
	date-modified = {2020-12-24 17:21:27 -0600},
	journal = {Electoral Studies},
	pages = {48-57},
	title = {Parallel Lines? Policy Mood in a Plurinational Democracy},
	volume = {58},
	year = {2019},
	bdsk-file-1 = {YnBsaXN0MDDSAQIDBFxyZWxhdGl2ZVBhdGhZYWxpYXNEYXRhXxBHLi4vLi4vLi4vLi4vU291cmNlcy9GU0xpYnJhcnkvTWNHYW5uRGVsbGVwaWFuZS1BdmVsbGFuZWRhQmFydGxlMjAxOS5wZGZPEQG+AAAAAAG+AAIAAAZQbGF0l24AAAAAAAAAAAAAAAAAAAAAAAAAAAAAAAAAQkQAAf////8fTWNHYW5uRGVsbGVwaWFuZS1BI0ZGRkZGRkZGLnBkZgAAAAAAAAAAAAAAAAAAAAAAAAAAAAAAAAAAAAAAAAAA/////wAAAAAAAAAAAAAAAAAEAAMAAAogY3UAAAAAAAAAAAAAAAAACUZTTGlicmFyeQAAAgBMLzpVc2VyczpmcmVkc29sdDpTb3VyY2VzOkZTTGlicmFyeTpNY0dhbm5EZWxsZXBpYW5lLUF2ZWxsYW5lZGFCYXJ0bGUyMDE5LnBkZgAOAFQAKQBNAGMARwBhAG4AbgBEAGUAbABsAGUAcABpAGEAbgBlAC0AQQB2AGUAbABsAGEAbgBlAGQAYQBCAGEAcgB0AGwAZQAyADAAMQA5AC4AcABkAGYADwAQAAcAUABsAGEAdABvAwEAbgASAEpVc2Vycy9mcmVkc29sdC9Tb3VyY2VzL0ZTTGlicmFyeS9NY0dhbm5EZWxsZXBpYW5lLUF2ZWxsYW5lZGFCYXJ0bGUyMDE5LnBkZgATAAEvAAAVAAIAD///AAAACAANABoAJABuAAAAAAAAAgEAAAAAAAAABQAAAAAAAAAAAAAAAAAAAjA=},
	bdsk-url-1 = {http://www.sciencedirect.com/science/article/pii/S0261379418302841},
	bdsk-url-2 = {https://doi.org/10.1016/j.electstud.2019.02.005}}
	
@article{Claassen2019,
	author = {Claassen, Christopher},
	date-added = {2020-12-15 16:06:46 -0600},
	date-modified = {2022-01-02 10:10:33 -0600},
	journal = {Political Analysis},
	number = {1},
	pages = {1--20},
	title = {Estimating Smooth Country--Year Panels of Public Opinion},
	volume = {27},
	year = {2019},
	bdsk-file-1 = {YnBsaXN0MDDSAQIDBFxyZWxhdGl2ZVBhdGhZYWxpYXNEYXRhXxAuLi4vLi4vLi4vLi4vU291cmNlcy9GU0xpYnJhcnkvQ2xhYXNzZW4yMDE5LnBkZk8RAVwAAAAAAVwAAgAABlBsYXSXbgAAAAAAAAAAAAAAAAAAAAAAAAAAAAAAAABCRAAB/////xBDbGFhc3NlbjIwMTkucGRmAAAAAAAAAAAAAAAAAAAAAAAAAAAAAAAAAAAAAAAAAAAAAAAAAAAAAAAAAAAAAAD/////AAAAAAAAAAAAAAAAAAQAAwAACiBjdQAAAAAAAAAAAAAAAAAJRlNMaWJyYXJ5AAACADMvOlVzZXJzOmZyZWRzb2x0OlNvdXJjZXM6RlNMaWJyYXJ5OkNsYWFzc2VuMjAxOS5wZGYAAA4AIgAQAEMAbABhAGEAcwBzAGUAbgAyADAAMQA5AC4AcABkAGYADwAQAAcAUABsAGEAdABvAwEAbgASADFVc2Vycy9mcmVkc29sdC9Tb3VyY2VzL0ZTTGlicmFyeS9DbGFhc3NlbjIwMTkucGRmAAATAAEvAAAVAAIAD///AAAACAANABoAJABVAAAAAAAAAgEAAAAAAAAABQAAAAAAAAAAAAAAAAAAAbU=},
	bdsk-file-2 = {YnBsaXN0MDDSAQIDBFxyZWxhdGl2ZVBhdGhZYWxpYXNEYXRhXxAvLi4vLi4vLi4vLi4vU291cmNlcy9GU0xpYnJhcnkvQ2xhYXNzZW4yMDE5YS5wZGZPEQFeAAAAAAFeAAIAAAZQbGF0l24AAAAAAAAAAAAAAAAAAAAAAAAAAAAAAAAAQkQAAf////8RQ2xhYXNzZW4yMDE5YS5wZGYAAAAAAAAAAAAAAAAAAAAAAAAAAAAAAAAAAAAAAAAAAAAAAAAAAAAAAAAAAAAA/////wAAAAAAAAAAAAAAAAAEAAMAAAogY3UAAAAAAAAAAAAAAAAACUZTTGlicmFyeQAAAgA0LzpVc2VyczpmcmVkc29sdDpTb3VyY2VzOkZTTGlicmFyeTpDbGFhc3NlbjIwMTlhLnBkZgAOACQAEQBDAGwAYQBhAHMAcwBlAG4AMgAwADEAOQBhAC4AcABkAGYADwAQAAcAUABsAGEAdABvAwEAbgASADJVc2Vycy9mcmVkc29sdC9Tb3VyY2VzL0ZTTGlicmFyeS9DbGFhc3NlbjIwMTlhLnBkZgATAAEvAAAVAAIAD///AAAACAANABoAJABWAAAAAAAAAgEAAAAAAAAABQAAAAAAAAAAAAAAAAAAAbg=},
	bdsk-url-1 = {https://doi.org/10.1017/pan.2018.32}}
	
@article{Caughey2019,
	author = {Caughey, Devin and O'Grady, Tom and Warshaw, Christopher},
	date-added = {2020-12-02 19:12:43 -0600},
	date-modified = {2022-01-02 10:11:16 -0600},
	journal = {American Political Science Review},
	number = {3},
	pages = {674-693},
	title = {Policy Ideology in European Mass Publics, 1981--2016},
	volume = {113},
	year = {2019},
	bdsk-file-1 = {YnBsaXN0MDDSAQIDBFxyZWxhdGl2ZVBhdGhZYWxpYXNEYXRhXxA7Li4vLi4vLi4vLi4vU291cmNlcy9GU0xpYnJhcnkvQ2F1Z2hleU8nR3JhZHlXYXJzaGF3MjAxOS5wZGZPEQGOAAAAAAGOAAIAAAZQbGF0l24AAAAAAAAAAAAAAAAAAAAAAAAAAAAAAAAAQkQAAf////8dQ2F1Z2hleU8nR3JhZHlXYXJzaGF3MjAxOS5wZGYAAAAAAAAAAAAAAAAAAAAAAAAAAAAAAAAAAAAAAAAAAAAA/////wAAAAAAAAAAAAAAAAAEAAMAAAogY3UAAAAAAAAAAAAAAAAACUZTTGlicmFyeQAAAgBALzpVc2VyczpmcmVkc29sdDpTb3VyY2VzOkZTTGlicmFyeTpDYXVnaGV5TydHcmFkeVdhcnNoYXcyMDE5LnBkZgAOADwAHQBDAGEAdQBnAGgAZQB5AE8AJwBHAHIAYQBkAHkAVwBhAHIAcwBoAGEAdwAyADAAMQA5AC4AcABkAGYADwAQAAcAUABsAGEAdABvAwEAbgASAD5Vc2Vycy9mcmVkc29sdC9Tb3VyY2VzL0ZTTGlicmFyeS9DYXVnaGV5TydHcmFkeVdhcnNoYXcyMDE5LnBkZgATAAEvAAAVAAIAD///AAAACAANABoAJABiAAAAAAAAAgEAAAAAAAAABQAAAAAAAAAAAAAAAAAAAfQ=},
	bdsk-file-2 = {YnBsaXN0MDDSAQIDBFxyZWxhdGl2ZVBhdGhZYWxpYXNEYXRhXxA8Li4vLi4vLi4vLi4vU291cmNlcy9GU0xpYnJhcnkvQ2F1Z2hleU8nR3JhZHlXYXJzaGF3MjAxOWEucGRmTxEBlAAAAAABlAACAAAGUGxhdJduAAAAAAAAAAAAAAAAAAAAAAAAAAAAAAAAAEJEAAH/////HkNhdWdoZXlPJ0dyYWR5V2Fyc2hhdzIwMTlhLnBkZgAAAAAAAAAAAAAAAAAAAAAAAAAAAAAAAAAAAAAAAAAAAP////8AAAAAAAAAAAAAAAAABAADAAAKIGN1AAAAAAAAAAAAAAAAAAlGU0xpYnJhcnkAAAIAQS86VXNlcnM6ZnJlZHNvbHQ6U291cmNlczpGU0xpYnJhcnk6Q2F1Z2hleU8nR3JhZHlXYXJzaGF3MjAxOWEucGRmAAAOAD4AHgBDAGEAdQBnAGgAZQB5AE8AJwBHAHIAYQBkAHkAVwBhAHIAcwBoAGEAdwAyADAAMQA5AGEALgBwAGQAZgAPABAABwBQAGwAYQB0AG8DAQBuABIAP1VzZXJzL2ZyZWRzb2x0L1NvdXJjZXMvRlNMaWJyYXJ5L0NhdWdoZXlPJ0dyYWR5V2Fyc2hhdzIwMTlhLnBkZgAAEwABLwAAFQACAA///wAAAAgADQAaACQAYwAAAAAAAAIBAAAAAAAAAAUAAAAAAAAAAAAAAAAAAAH7},
	bdsk-url-1 = {https://doi.org/10.1017/S0003055419000157}}
	
	
@article{Adcock2001,
	abstract = {Scholars routinely make claims that presuppose the validity of the observations and measurements that operationalize their concepts. Yet, despite recent advances in political science methods, surprisingly little attention has been devoted to measurement validity. We address this gap by exploring four themes. First, we seek to establish a shared framework that allows quantitative and qualitative scholars to assess more effectively, and communicate about, issues of valid measurement. Second, we underscore the need to draw a clear distinction between measurement issues and disputes about concepts. Third, we discuss the contextual specificity of measurement claims, exploring a variety of measurement strategies that seek to combine generality and validity by devoting greater attention to context. Fourth, we address the proliferation of terms for alternative measurement validation procedures and offer an account of the three main types of validation most relevant to political scientists.},
	author = {Adcock, Rober and Collier, David},
	date-added = {2020-12-02 18:13:38 -0600},
	date-modified = {2020-12-02 18:13:38 -0600},
	journal = {American Political Science Review},
	number = {3},
	pages = {529--546},
	title = {Measurement Validity: A Shared Standard for Qualitative and Quantitative Research},
	volume = {95},
	year = {2001},
	bdsk-file-1 = {YnBsaXN0MDDSAQIDBFxyZWxhdGl2ZVBhdGhZYWxpYXNEYXRhXxAzLi4vLi4vLi4vLi4vU291cmNlcy9GU0xpYnJhcnkvQWRjb2NrQ29sbGllcjIwMDEucGRmTxEBbgAAAAABbgACAAAGUGxhdJduAAAAAAAAAAAAAAAAAAAAAAAAAAAAAAAAAEJEAAH/////FUFkY29ja0NvbGxpZXIyMDAxLnBkZgAAAAAAAAAAAAAAAAAAAAAAAAAAAAAAAAAAAAAAAAAAAAAAAAAAAAAAAP////8AAAAAAAAAAAAAAAAABAADAAAKIGN1AAAAAAAAAAAAAAAAAAlGU0xpYnJhcnkAAAIAOC86VXNlcnM6ZnJlZHNvbHQ6U291cmNlczpGU0xpYnJhcnk6QWRjb2NrQ29sbGllcjIwMDEucGRmAA4ALAAVAEEAZABjAG8AYwBrAEMAbwBsAGwAaQBlAHIAMgAwADAAMQAuAHAAZABmAA8AEAAHAFAAbABhAHQAbwMBAG4AEgA2VXNlcnMvZnJlZHNvbHQvU291cmNlcy9GU0xpYnJhcnkvQWRjb2NrQ29sbGllcjIwMDEucGRmABMAAS8AABUAAgAP//8AAAAIAA0AGgAkAFoAAAAAAAACAQAAAAAAAAAFAAAAAAAAAAAAAAAAAAABzA==},
	bdsk-url-1 = {http://www.jstor.org/stable/3118231}}
	
@misc{Solt2020a,
	author = {Solt, Frederick},
	date-added = {2020-04-09 08:39:36 -0500},
	date-modified = {2020-04-09 08:39:36 -0500},
	howpublished = {Available at the Comprehensive R Archive Network (CRAN). \verb+https://CRAN.R-project.org/package=DCPO+},
	title = {{DCPO}: Dynamic Comparative Public Opinion},
	year = {2020}}
	
@misc{Kolczynska2020,
	author = {Kolczynska, Marta and B{\"u}rkner, Paul-Christian and Kennedy, Lauren and Vehtari, Aki},
	date-added = {2020-12-15 16:16:28 -0600},
	date-modified = {2020-12-24 17:08:09 -0600},
	howpublished = {SocArXiv. \verb+https://osf.io/preprints/socarxiv/3v5g7/+},
	month = {8},
	title = {Trust in State Institutions in Europe, 1989-2019},
	year = {2020},
	bdsk-file-1 = {YnBsaXN0MDDSAQIDBFxyZWxhdGl2ZVBhdGhZYWxpYXNEYXRhbxBGAC4ALgAvAC4ALgAvAC4ALgAvAC4ALgAvAFMAbwB1AHIAYwBlAHMALwBGAFMATABpAGIAcgBhAHIAeQAvAEsAbwBsAGMAegB5AG4AcwBrAGEAQgB1AwgAcgBrAG4AZQByAEsAZQBuAG4AZQBkAHkAVgBlAGgAdABhAHIAaQAyADAAMgAwAC4AcABkAGZPEQG8AAAAAAG8AAIAAAZQbGF0l24AAAAAAAAAAAAAAAAAAAAAAAAAAAAAAAAAQkQAAf////8fS29sY3p5bnNrYUKfcmtuZXJLI0ZGRkZGRkZGLnBkZgAAAAAAAAAAAAAAAAAAAAAAAAAAAAAAAAAAAAAAAAAA/////wAAAAAAAAAAAAAAAAAEAAMAAAogY3UAAAAAAAAAAAAAAAAACUZTTGlicmFyeQAAAgBMLzpVc2VyczpmcmVkc29sdDpTb3VyY2VzOkZTTGlicmFyeTpLb2xjenluc2thQnXMiHJrbmVyS2VubmVkeVZlaHRhcmkyMDIwLnBkZgAOAFIAKABLAG8AbABjAHoAeQBuAHMAawBhAEIAdQMIAHIAawBuAGUAcgBLAGUAbgBuAGUAZAB5AFYAZQBoAHQAYQByAGkAMgAwADIAMAAuAHAAZABmAA8AEAAHAFAAbABhAHQAbwMBAG4AEgBKVXNlcnMvZnJlZHNvbHQvU291cmNlcy9GU0xpYnJhcnkvS29sY3p5bnNrYUJ1zIhya25lcktlbm5lZHlWZWh0YXJpMjAyMC5wZGYAEwABLwAAFQACAA///wAAAAgADQAaACQAswAAAAAAAAIBAAAAAAAAAAUAAAAAAAAAAAAAAAAAAAJz},
	bdsk-url-1 = {https://osf.io/preprints/socarxiv/3v5g7/}}

	
@misc{Solt2020a,
	author = {Solt, Frederick},
	date-added = {2020-04-09 08:39:36 -0500},
	date-modified = {2020-04-09 08:39:36 -0500},
	howpublished = {Available at the Comprehensive R Archive Network (CRAN). \verb+https://CRAN.R-project.org/package=DCPO+},
	title = {{DCPO}: Dynamic Comparative Public Opinion},
	year = {2020}}

@misc{Solt2020c,
	author = {Solt, Frederick},
	date-added = {2020-11-29 10:36:22 -0600},
	date-modified = {2022-01-02 10:13:26 -0600},
	howpublished = {SocArXiv. \verb+https://osf.io/ preprints/socarxiv/d5n9p+},
	title = {Modeling Dynamic Comparative Public Opinion},
	year = {2020},
	bdsk-url-1 = {osf.io/preprints/socarxiv/d5n9p},
	bdsk-url-2 = {https://doi.org/10.31235/osf.io/d5n9p}}


@book{Kettl2000,
  title={The global public management revolution: A report on the transformation of governance},
  author={Kettl, Donald F},
  year={2000},
  publisher={Brookings Institution Press}
}

@article{Thomas1998,
  title={Maintaining and restoring public trust in government agencies and their employees},
  author={Thomas, Craig W},
  journal={Administration \& society},
  volume={30},
  number={2},
  pages={166--193},
  year={1998},
  publisher={Sage Publications Sage CA: Thousand Oaks, CA}
}

@book{Yates1982,
  title={Bureaucratic democracy: The search for democracy and efficiency in American government},
  author={Yates, Douglas},
  year={1982},
  publisher={Harvard University Press}
}

@article{Kim2005,
  author = {Kim, Seok-Eun},
  journal = {Administration \& Society},
  number = {5},
  pages = {611--635},
  publisher = {Sage Publications Sage CA: Thousand Oaks, CA},
  title = {The role of trust in the modern administrative state: An integrative model},
   volume = {37},
   year = {2005}}
